@article{WADLER-BLOTT,
title = {{How to make ad-hoc polymorphism less ad-hoc}},
publisher = "ACM Symposium on Principles of Programming Languages",
author = "Philip Wadler and Steven Blott",
url = "http://202.3.77.10/users/karkare/courses/2010/cs653/Papers/ad-hoc-polymorphism.pdf",
year = "1988",
month = "October"
}

